@article{Breakthrough2001,
	title	= "8$\times$8 {G}ame {D}esign {C}ompetition: {T}he {W}inning {G}ame: {B}reakthrough... and two other favorites.",
	author	= "H. Kerry",
	journal	= "Abstract Games Magazine",
	volume	= "7",
	pages	= "8--9",
	year	= "2001"
}

@misc{DeBruijnMultiplication,
	title	= "chessprogramming - {B}it{S}can",
	howpublished = "https://chessprogramming.wikispaces.com/BitScan\#Bitscan\%20forward-De\%20Bruijn\%20Multiplication",
	note	= "Accessed: 18-12-2014"
}

@misc{LectureSlidesWindows,
	author	= "M. H. M. Winands",
	institution = "Maastricht University",
	howpublished = "Lecture Slides",
	year	= "2014",
	title	= "{O}rdering \& {W}indows 2014",
	note	= "Retrieved from: http://eleum.unimaas.nl"
}

@inproceedings{Greenblatt1967,
	title	= "{T}he {G}reenblatt {C}hess {P}rogram",
	author	= "R. D. Greenblatt and D. E. Eastlake and S. D. Crocker",
	booktitle = "{P}roceedings of the {N}ovember 14-16, 1967, {F}all {J}oint {C}omputer {C}onference",
	pages	= "801--810",
	year	= "1967",
	organization = "ACM"
}

@article{Zobrist1970,
	title	= "{A} {N}ew {H}ashing {M}ethod {W}ith {A}pplication {F}or {G}ame {P}laying",
	author	= "A. L. Zobrist",
	journal	= "ICCA Journal",
	volume	= "13",
	number	= "2",
	pages 	= "69--73",
	year	= "1970"
}

@article{ReplacementSchemes1994,
	title	= "{R}eplacement {S}chemes for {T}ransposition {T}ables",
	author	= "D. M. Breuker and J. W. H. M. Uiterwijk and H. J. van den Herik",
	journal	= "ICCA Journal",
	volume	= "17",
	number	= "4",
	pages	= "183--193",
	year	= "1994",
	publisher = "Citeseer"
}

@article{Marsland1982,
	title	= "{P}arallel {S}earch of {S}trongly {O}rdered {G}ame {T}rees",
	author	= "T. Marsland and M. Campbell",
	journal	= "ACM Computing Surveys (CSUR)",
	volume	= "14",
	number	= "4",
	pages	= "533--551",
	year	= "1982",
	publisher = "ACM"
}

@incollection{MultiCut1999,
	title	= "{M}ulti-{C}ut {P}runing in {A}lpha-{B}eta {S}earch",
	author	= "Y. Bj{\"o}rnsson and T. Marsland",
	booktitle = "{C}omputers and {G}ames",
	pages	= "15--24",
	year	= "1999",
	publisher = "Springer"
}